<?xml version="1.0" encoding="UTF-8"?><record xmlns="http://www.loc.gov/MARC21/slim" xmlns:cinclude="http://apache.org/cocoon/include/1.0" xmlns:zs="http://www.loc.gov/zing/srw/">
  <leader>00668nz  a2200181n  4500</leader>
  <controlfield tag="001">no 99054565 </controlfield>
  <controlfield tag="003">DLC</controlfield>
  <controlfield tag="005">19990813150125.0</controlfield>
  <controlfield tag="008">990729n| acannaabn          |a aaa     c</controlfield>
  <datafield tag="010" ind1=" " ind2=" ">
    <subfield code="a">no 99054565 </subfield>
  </datafield>
  <datafield tag="035" ind1=" " ind2=" ">
    <subfield code="a">(OCoLC)oca05037813 </subfield>
  </datafield>
  <datafield tag="040" ind1=" " ind2=" ">
    <subfield code="a">MoWgW</subfield>
    <subfield code="b">eng</subfield>
    <subfield code="c">MoWgW</subfield>
  </datafield>
  <datafield tag="100" ind1="1" ind2="0">
    <subfield code="a">Olevian, Caspar,</subfield>
    <subfield code="d">1536-1587.</subfield>
    <subfield code="t">Vester Grundt</subfield>
  </datafield>
  <datafield tag="400" ind1="1" ind2="0">
    <subfield code="a">Olevian, Caspar,</subfield>
    <subfield code="d">1536-1587.</subfield>
    <subfield code="t">Vester Grund</subfield>
  </datafield>
  <datafield tag="400" ind1="1" ind2="0">
    <subfield code="a">Olevian, Caspar,</subfield>
    <subfield code="d">1536-1587.</subfield>
    <subfield code="t">Fester Grund christlicher Lehre</subfield>
  </datafield>
  <datafield tag="670" ind1=" " ind2=" ">
    <subfield code="a">Der Gnadenbund Gottes, 1593:</subfield>
    <subfield code="b">t.p. of 2nd work (Vester Grund)</subfield>
  </datafield>
  <datafield tag="670" ind1=" " ind2=" ">
    <subfield code="a">A firm foundation, c1995:</subfield>
    <subfield code="b">p. xv (title of 1567 first ed.: Vester Grundt)</subfield>
  </datafield>
  <datafield tag="670" ind1=" " ind2=" ">
    <subfield code="a">Fester Grund christlicher Lehre, 1854.</subfield>
  </datafield>
</record>